<record><leader>00000cas a2200000 a 4500</leader><controlfield tag="001">36424874</controlfield><controlfield tag="008">970221d19701973miuwr ne      0    0eng c</controlfield><datafield ind1=" " ind2=" " tag="010"><subfield code="a">sn 97063228 </subfield></datafield><datafield ind1=" " ind2=" " tag="040"><subfield code="a">MHN</subfield><subfield code="b">eng</subfield><subfield code="c">MHN</subfield><subfield code="d">OCL</subfield><subfield code="d">OCLCQ</subfield><subfield code="d">MHN</subfield><subfield code="d">OCLCQ</subfield><subfield code="d">OCLCF</subfield></datafield><datafield ind1="1" ind2=" " tag="029"><subfield code="a">AU@</subfield><subfield code="b">000013092720</subfield></datafield><datafield ind1=" " ind2=" " tag="042"><subfield code="a">pcc</subfield></datafield><datafield ind1=" " ind2=" " tag="043"><subfield code="a">n-us-mi</subfield></datafield><datafield ind1="0" ind2="4" tag="245"><subfield code="a">The White Laker and Northshore interurban.</subfield></datafield><datafield ind1=" " ind2=" " tag="260"><subfield code="a">Whitehall, Mich. :</subfield><subfield code="b">Associated Publications</subfield></datafield><datafield ind1=" " ind2=" " tag="300"><subfield code="a">v.</subfield></datafield><datafield ind1=" " ind2=" " tag="310"><subfield code="a">Weekly</subfield></datafield><datafield ind1="0" ind2=" " tag="362"><subfield code="a">Vol. 7, no. 5 (Mar. 12, 1970)-</subfield></datafield><datafield ind1="1" ind2=" " tag="362"><subfield code="a">Ceased in Nov. 1973.</subfield></datafield><datafield ind1=" " ind2="0" tag="651"><subfield code="a">Whitehall (Mich.)</subfield><subfield code="v">Newspapers.</subfield></datafield><datafield ind1=" " ind2="0" tag="651"><subfield code="a">Muskegon County (Mich.)</subfield><subfield code="v">Newspapers.</subfield></datafield><datafield ind1=" " ind2="7" tag="655"><subfield code="a">Newspapers.</subfield><subfield code="2">fast</subfield><subfield code="0">(OCoLC)fst01423814</subfield></datafield><datafield ind1=" " ind2="7" tag="651"><subfield code="a">Michigan</subfield><subfield code="z">Muskegon County.</subfield><subfield code="2">fast</subfield><subfield code="0">(OCoLC)fst01210800</subfield></datafield><datafield ind1=" " ind2="7" tag="651"><subfield code="a">Michigan</subfield><subfield code="z">Whitehall.</subfield><subfield code="2">fast</subfield><subfield code="0">(OCoLC)fst01232989</subfield></datafield><datafield ind1=" " ind2=" " tag="752"><subfield code="a">United States</subfield><subfield code="b">Michigan</subfield><subfield code="c">Muskegon</subfield><subfield code="d">Whitehall.</subfield></datafield><datafield ind1="0" ind2="0" tag="780"><subfield code="t">Whitehall forum and the White Laker</subfield><subfield code="w">(DLC)sn 97063227</subfield><subfield code="w">(OCoLC)36424830</subfield></datafield><datafield ind1="0" ind2="4" tag="785"><subfield code="t">White Laker observer</subfield><subfield code="w">(DLC)sn 79003092</subfield><subfield code="w">(OCoLC)5082652</subfield></datafield></record>